@ARTICLE{r1,  author={Nandi, A.K. and Azzouz, E.E.},  journal={IEEE Transactions on Communications},   title={Algorithms for automatic modulation recognition of communication signals},   year={1998},  volume={46},  number={4},  pages={431-436},  doi={10.1109/26.664294}}

@article{r2,
  title={Survey of automatic modulation classification techniques: classical approaches and new trends},
  author={Dobre, Octavia A and Abdi, Ali and Bar-Ness, Yeheskel and Su, Wei},
  journal={IET communications},
  volume={1},
  number={2},
  pages={137--156},
  year={2007},
  publisher={IET}
}

@book{r3,
  title={Pattern recognition and machine learning},
  author={Bishop, Christopher M and Nasrabadi, Nasser M},
  volume={4},
  number={4},
  year={2006},
  publisher={Springer}
}

@article{r4,
  title={A survey on machine-learning techniques in cognitive radios},
  author={Bkassiny, Mario and Li, Yang and Jayaweera, Sudharman K},
  journal={IEEE Communications Surveys \& Tutorials},
  volume={15},
  number={3},
  pages={1136--1159},
  year={2012},
  publisher={IEEE}
}

@inproceedings{r5,
  title={An overview of feature-based methods for digital modulation classification},
  author={Hazza, Alharbi and Shoaib, Mobien and Alshebeili, Saleh A and Fahad, Alturki},
  booktitle={2013 1st international conference on communications, signal processing, and their applications (ICCSPA)},
  pages={1--6},
  year={2013},
  organization={IEEE}
}

@article{r6,
  title={Modulation recognition in continuous phase modulation using approximate entropy},
  author={Pawar, Saurabh U and Doherty, John F},
  journal={IEEE Transactions on Information Forensics and Security},
  volume={6},
  number={3},
  pages={843--852},
  year={2011},
  publisher={IEEE}
}

@article{r7,
  title={Modulation recognition of MAPSK signals using template matching},
  author={Deng, Yuan-ce and Wang, Zhu-gang},
  journal={Electronics Letters},
  volume={50},
  number={25},
  pages={1986--1988},
  year={2014},
  publisher={IET}
}

@article{r8,
  title={Cyclic feature-based modulation recognition using compressive sensing},
  author={Xie, Lijin and Wan, Qun},
  journal={IEEE Wireless Communications Letters},
  volume={6},
  number={3},
  pages={402--405},
  year={2017},
  publisher={IEEE}
}

@article{r9,
  title={Hierarchical digital modulation classification using cumulants},
  author={Swami, Ananthram and Sadler, Brian M},
  journal={IEEE Transactions on communications},
  volume={48},
  number={3},
  pages={416--429},
  year={2000},
  publisher={IEEE}
}

@article{r10,
  title={Novel automatic modulation classification using cumulant features for communications via multipath channels},
  author={Wu, Hsiao-Chun and Saquib, Mohammad and Yun, Zhifeng},
  journal={IEEE Transactions on Wireless Communications},
  volume={7},
  number={8},
  pages={3098--3105},
  year={2008},
  publisher={IEEE}
}

@inproceedings{r11,
  title={Modulation classification of satellite communication signals using cumulants and neural networks},
  author={Smith, Aaron and Evans, Michael and Downey, Joseph},
  booktitle={2017 Cognitive Communications for Aerospace Applications Workshop (CCAA)},
  pages={1--8},
  year={2017},
  organization={IEEE}
}

@inproceedings{r12,
  title={Automatic modulation recognition of digital signals using wavelet features and SVM},
  author={Park, Cheol-Sun and Choi, Jun-Ho and Nah, Sun-Phil and Jang, Won and Kim, Dae Young},
  booktitle={2008 10th International Conference on Advanced Communication Technology},
  volume={1},
  pages={387--390},
  year={2008},
  organization={IEEE}
}

@article{r13,
  title={A hybrid ICA-SVM approach to continuous phase modulation recognition},
  author={Boutte, David and Santhanam, Balu},
  journal={IEEE Signal Processing Letters},
  volume={16},
  number={5},
  pages={402--405},
  year={2009},
  publisher={IEEE}
}

@inproceedings{r14,
  title={A method for modulation recognition based on entropy features and random forest},
  author={Zhang, Zhen and Li, Yibing and Zhu, Xiaolei and Lin, Yun},
  booktitle={2017 IEEE International Conference on Software Quality, Reliability and Security Companion (QRS-C)},
  pages={243--246},
  year={2017},
  organization={IEEE}
}

@article{r15,
  title={Automatic digital modulation recognition using artificial neural network and genetic algorithm},
  author={Wong, ML Dennis and Nandi, Asoke K},
  journal={Signal Processing},
  volume={84},
  number={2},
  pages={351--365},
  year={2004},
  publisher={Elsevier}
}

@incollection{r16,
  title={Modulation recognition using artificial neural networks},
  author={Azzouz, Elsayed Elsayed and Nandi, Asoke Kumar},
  booktitle={Automatic Modulation Recognition of Communication Signals},
  pages={132--176},
  year={1996},
  publisher={Springer}
}

@article{r17,
  title={Combatting nonlinear phase noise in coherent optical systems with an optimized decision processor based on machine learning},
  author={Wang, Danshi and Zhang, Min and Cai, Zhongle and Cui, Yue and Li, Ze and Han, Huanhuan and Fu, Meixia and Luo, Bin},
  journal={Optics Communications},
  volume={369},
  pages={199--208},
  year={2016},
  publisher={Elsevier}
}

@article{r18,
  title={Modulation recognition of communication signals based on SCHKS-SSVM},
  author={Zhang, Xiaolin and Chen, Jian and Sun, Zhiguo},
  journal={Journal of Systems Engineering and Electronics},
  volume={28},
  number={4},
  pages={627--633},
  year={2017},
  publisher={BIAI}
}

@article{r19,
  title={Likelihood-ratio approaches to automatic modulation classification},
  author={Xu, Jefferson L and Su, Wei and Zhou, Mengchu},
  journal={IEEE Transactions on Systems, Man, and Cybernetics, Part C (Applications and Reviews)},
  volume={41},
  number={4},
  pages={455--469},
  year={2010},
  publisher={IEEE}
}

@article{r20,
  title={Software-defined radio equipped with rapid modulation recognition},
  author={Xu, Jefferson L and Su, Wei and Zhou, MengChu},
  journal={IEEE Transactions on Vehicular Technology},
  volume={59},
  number={4},
  pages={1659--1667},
  year={2010},
  publisher={IEEE}
}

@article{r21,
  title={Deep learning},
  author={LeCun, Yann and Bengio, Yoshua and Hinton, Geoffrey},
  journal={nature},
  volume={521},
  number={7553},
  pages={436--444},
  year={2015},
  publisher={Nature Publishing Group}
}

@article{r22,
  title={Eyeriss: An energy-efficient reconfigurable accelerator for deep convolutional neural networks},
  author={Chen, Yu-Hsin and Krishna, Tushar and Emer, Joel S and Sze, Vivienne},
  journal={IEEE journal of solid-state circuits},
  volume={52},
  number={1},
  pages={127--138},
  year={2016},
  publisher={IEEE}
}

@article{r23,
  title={Software-defined networks with mobile edge computing and caching for smart cities: A big data deep reinforcement learning approach},
  author={He, Ying and Yu, F Richard and Zhao, Nan and Leung, Victor CM and Yin, Hongxi},
  journal={IEEE Communications Magazine},
  volume={55},
  number={12},
  pages={31--37},
  year={2017},
  publisher={IEEE}
}

@article{r24,
  title={Deep learning for an effective nonorthogonal multiple access scheme},
  author={Gui, Guan and Huang, Hongji and Song, Yiwei and Sari, Hikmet},
  journal={IEEE Transactions on Vehicular Technology},
  volume={67},
  number={9},
  pages={8440--8450},
  year={2018},
  publisher={IEEE}
}

@article{r25,
  title={Machine learning for wireless networks with artificial intelligence: A tutorial on neural networks},
  author={Chen, Mingzhe and Challita, Ursula and Saad, Walid and Yin, Changchuan and Debbah, M{\'e}rouane},
  journal={arXiv preprint arXiv:1710.02913},
  volume={9},
  year={2017}
}

@article{r26,
  title={Modulation format recognition and OSNR estimation using CNN-based deep learning},
  author={Wang, Danshi and Zhang, Min and Li, Ze and Li, Jin and Fu, Meixia and Cui, Yue and Chen, Xue},
  journal={IEEE Photonics Technology Letters},
  volume={29},
  number={19},
  pages={1667--1670},
  year={2017},
  publisher={IEEE}
}

@article{r27,
  title={Gradient-based learning applied to document recognition},
  author={LeCun, Yann and Bottou, L{\'e}on and Bengio, Yoshua and Haffner, Patrick},
  journal={Proceedings of the IEEE},
  volume={86},
  number={11},
  pages={2278--2324},
  year={1998},
  publisher={Ieee}
}

@inproceedings{r28,
  title={Convolutional radio modulation recognition networks},
  author={O’Shea, Timothy J and Corgan, Johnathan and Clancy, T Charles},
  booktitle={International conference on engineering applications of neural networks},
  pages={213--226},
  year={2016},
  organization={Springer}
}

@article{r29,
  title={An introduction to deep learning for the physical layer},
  author={O’shea, Timothy and Hoydis, Jakob},
  journal={IEEE Transactions on Cognitive Communications and Networking},
  volume={3},
  number={4},
  pages={563--575},
  year={2017},
  publisher={IEEE}
}

@article{r30,
  title={Deep learning models for wireless signal classification with distributed low-cost spectrum sensors},
  author={Rajendran, Sreeraj and Meert, Wannes and Giustiniano, Domenico and Lenders, Vincent and Pollin, Sofie},
  journal={IEEE Transactions on Cognitive Communications and Networking},
  volume={4},
  number={3},
  pages={433--445},
  year={2018},
  publisher={IEEE}
}

@article{r31,
  title={Automatic modulation classification of digital modulation signals with stacked autoencoders},
  author={Ali, Afan and Yangyu, Fan and Liu, Shu},
  journal={Digital Signal Processing},
  volume={71},
  pages={108--116},
  year={2017},
  publisher={Elsevier}
}

@book{r32,
  title={Artificial neural networks: an introduction},
  author={Priddy, Kevin L and Keller, Paul E},
  volume={68},
  year={2005},
  publisher={SPIE press}
}

@book{r33,
  title={Neural network learning: Theoretical foundations},
  author={Anthony, Martin and Bartlett, Peter L and Bartlett, Peter L and others},
  volume={9},
  year={1999},
  publisher={cambridge university press Cambridge}
}

@book{r34,
  title={Deep learning},
  author={Goodfellow, Ian and Bengio, Yoshua and Courville, Aaron},
  year={2016},
  publisher={MIT press}
}

@inproceedings{r35,
  title={Deep sparse rectifier neural networks},
  author={Glorot, Xavier and Bordes, Antoine and Bengio, Yoshua},
  booktitle={Proceedings of the fourteenth international conference on artificial intelligence and statistics},
  pages={315--323},
  year={2011},
  organization={JMLR Workshop and Conference Proceedings}
}

@article{r36,
  title={Comparison of mid-level feature coding approaches and pooling strategies in visual concept detection},
  author={Koniusz, Piotr and Yan, Fei and Mikolajczyk, Krystian},
  journal={Computer vision and image understanding},
  volume={117},
  number={5},
  pages={479--492},
  year={2013},
  publisher={Elsevier}
}

@misc{r37,
      title={Adam: A Method for Stochastic Optimization}, 
      author={Diederik P. Kingma and Jimmy Ba},
      year={2017},
      eprint={1412.6980},
      archivePrefix={arXiv},
      primaryClass={cs.LG}
}

@article{r38,
  title={A survey on transfer learning},
  author={Pan, Sinno Jialin and Yang, Qiang},
  journal={IEEE Transactions on knowledge and data engineering},
  volume={22},
  number={10},
  pages={1345--1359},
  year={2009},
  publisher={IEEE}
}

@article{r39,
  title={Automatic modulation classification using combination of genetic programming and KNN},
  author={Aslam, Muhammad Waqar and Zhu, Zhechen and Nandi, Asoke Kumar},
  journal={IEEE Transactions on wireless communications},
  volume={11},
  number={8},
  pages={2742--2750},
  year={2012},
  publisher={IEEE}
}
@article{04nature/Wolfe_attributesVisual,
   author      = {J. M. Wolfe and T. S. Horowitz},
   journal   = {Nature Reviews Neuroscience},
   title       = {What attributes guide the deployment of visual attention and how do they do it?},
  pages =   "5:1--7",
   year        = {2004},
}



@article{80cogSc/Treisman_featureIntegration,
   author      = {Anne M Triesman and Garry Gelade},
   journal   = {Cognitive Psychology},
   title       = {A feature-integration theory of attention},
  volume = {12},
  number = {1},
  pages = {97--136},
   year = {1980},
}


@article{03neuroscience/luminanceContrast,
   author      = {Wolfgang Eihhauser and Peter Konig},
   journal   = {European Journal of Neuroscience},
   title       = {Does luminance-constrast contribute to a saliency map for overt visual attention?},
   volume = {17},
  pages =   "1089--1097",
   year        = {2003},
}



@article{09biology/eyeMovement,
   author      = {Mannan, Sabira K. and Kennard, Christopher and Husain, Masud},
   journal   = {Current biology},
   title       = {The role of visual salience in directing eye movements in visual object agnosia},
   volume = {19},
   number = {6},
  pages =   "247--248",
   year        = {2009},
}

@InProceedings{09_image_resize,
   author      = {Achanta, Radhakrishna and Susstrunk, Sabine},
   booktitle   = {ICIP},
   title       = {Saliency {D}etection for {C}ontent-aware {I}mage {R}esizing},
   year        = {2009},
}


@article{03neuron/Reynolds_attentionSaliency,
   author      = {John Reynolds and Robert Desimone},
   journal   = {Neuron},
   title       = {Interacting roles of attention and visual salience in V4},
  pages =   {853--863},
   year        = {2003},
  volume={37},
  number={5},
}


@article{04tog/rother_grabcut,
  title={{``Grabcut"-- Interactive foreground extraction using iterated graph cuts}},
  author={Rother, C. and Kolmogorov, V. and Blake, A.},
  journal={ACM Trans. Graph.},
  volume={23},
  number={3},
  pages={309--314},
  year={2004},
  publisher={ACM}
}

@InProceedings{09cvpr/Achanta_FTSaliency,
   author    = {Achanta, Radhakrishna and Hemami, Sheila and Estrada, Francisco and S{\"u}sstrunk, Sabine},
   booktitle = {CVPR},
   title   = {Frequency-tuned salient region detection},
   year    = {2009},
   pages =  {1597--1604},
}

@article{10pami/Liu_Learning,
    title = {Learning to Detect a Salient Object},
    author = {Liu, T. and Yuan, Z. and Sun, J. and Wang, J. and Zheng, N. and Tang X. and Shum H.Y.},
    journal = {IEEE TPAMI},
    pages = {353 -367},
    year = {2011},
    volume = {33},
    number = {2},
}


@article{02tog/decarlo_stylization,
  title={{Stylization and abstraction of photographs}},
  author={DeCarlo, D. and Santella, A.},
  journal={ACM Trans. Graph.},
  pages={769--776},
  year={2002},
  volume =	{21},
  number =	{3},
}

@book{99/zeki_innerVision,
  title={{Inner vision: An exploration of art and the brain}},
  author={Zeki, S.},
  year={1999},
  publisher={Oxford University Press}
}

@conference{10cvpr/goferman_context,
  title={{Context-aware saliency detection}},
  author={Goferman, S. and Zelnik-Manor, L. and Tal, A.},
  booktitle={CVPR},
  year={2010},
}
%  pages={2376--2383},

@article{07ANIPS/harel_graph,
  title={{Graph-based visual saliency}},
  author={Harel, J. and Koch, C. and Perona, P.},
  journal={Advances in neural information processing systems},
  volume={19},
  pages={545},
  year={2007},
  publisher={Citeseer}
}

@InProceedings{conf/nips/HarelKP06,
  title =	"Graph-Based Visual Saliency",
  author =	"Jonathan Harel and Christof Koch and Pietro Perona",
  year = 	"2006",
  booktitle =	"NIPS",
  pages =	"545--552",
}

@Article{98pami/Itti,
  title =   "A Model of Saliency-Based Visual Attention for Rapid Scene Analysis",
  author =  "Laurent Itti and Christof Koch and Ernst Niebur",
  journal = "IEEE TPAMI",
  year =    "1998",
  number =  "11",
  volume =  "20",
  pages =   "1254--1259",
}

@InProceedings{03ACMMM/Ma_Contrast-based,
  author =  "Yu-Fei Ma and Hong-Jiang Zhang",
  title =   "Contrast-based image attention analysis by using fuzzy growing",
  pages =   "374--381",
  booktitle =   "{ACM} Multimedia",
  year =    "2003",
}



@conference{07cvpr/hou_SpectralResidual,
  title={Saliency detection: A spectral residual approach},
  author={Hou, X. and Zhang, L.},
  booktitle={CVPR},
  pages={1--8},
  year={2007}
}

@InProceedings{08icassp/Wang,
  title =   "A two-stage approach to saliency detection in images",
  author =  "Zheshen Wang and Baoxin Li",
  year =    "2008",
  booktitle =   "ICASSP",
  pages =   "965--968",
}

@InProceedings{06acmmm/ZhaiS_spatiotemporal,
  title =   "Visual attention detection in video sequences using spatiotemporal cues",
  author =  "Yun Zhai and Mubarak Shah",
  booktitle =   "ACM Multimedia",
  year =    "2006",
  pages =   "815--824",
}

@conference{05cvpr/Weijer_boosting,
  title={Boosting saliency in color image features},
  author={van de Weijer, J. and Gevers, T.},
  booktitle={CVPR},
  pages={365--372},
  year={2005}
}

@article{93JN/Olshausen_neurobiological,
  title={{A neurobiological model of visual attention and invariant pattern recognition based on dynamic routing of information}},
  author={Olshausen, B.A. and Anderson, C.H. and Van Essen, D.C.},
  journal={Journal of Neuroscience},
  volume={13},
  number={11},
  pages={4700},
  year={1993},
  publisher={Soc Neuroscience}
}

@Article{85HN/KochVisualAttention,
  author =  "C. Koch and S. Ullman",
  year =    "1985",
  journal = "Human Neurbiology",
  pages =   "219--227",
  title =   "Shifts in selective visual attention: towards the underlying neural circuitry",
  volume =  "4",
}

@conference{07cvs/Frintrop_AttentionIntImage,
  title={{A real-time visual attention system using integral images}},
  author={Frintrop, S. and Klodt, M. and Rome, E.},
  booktitle={ICVS},
  year={2007},
  organization={Citeseer}
}

@article{00CE/christopoulos_jpeg,
  title={{The JPEG2000 still image coding system: an overview}},
  author={Christopoulos, C. and Skodras, A. and Ebrahimi, T.},
  journal={IEEE Trans. Consumer Elec.},
  volume={46},
  number={4},
  pages={1103--1127},
  year={2002},
  publisher={IEEE}
}

@book{1890/JamesPsychologyPrinciples,
  title={The principles of psychology},
  author={James, W.},
  year={1890},
  publisher={Harvard University Press},
}

@article{94/Cronly_ContrastSensitivity,
  title={Vision and visual dysfunction},
  author={Cronly-Dillon, J.R. and Stork, D.G.},
  journal={Journal of Cognitive Neuroscience},
  volume={6},
  number={2},
  pages={180--182},
  year={1994},
  publisher={MIT Press}
}

@InProceedings{04cvpr/RutishauserWWKP,
  author =  "U. Rutishauser and D. Walther and C. Koch and P. Perona",
  title =   "Is bottom-up attention useful for object recognition?",
  booktitle =   "CVPR",
  year =    "2004",
  pages =   "37--44",
}

@article{10pg/Huang_Zhang,
  title = {Video Painting via Motion Layer Manipulation},
  author = {Huang, Hua and Zhang, Lei and Fu, Tian-Nan},
  journal = {Comput. Graph. Forum},
  volume={29},
  number={7},
  pages={2055-2064},
  year={2010},
}

@article{06josa/KoN_InterestSegmentation,
  title={Object-of-interest image segmentation based on human attention and semantic region clustering},
  author={Ko, B.C. and Nam, J.},
  journal={J Opt Soc Am},
  volume={23},
  number={10},
  pages={2462},
  year={2006},
  publisher={OPTICAL SOC-AMERICA}
}

@article{06TCSVT/han_unsupervised,
  title={{Unsupervised extraction of visual attention objects in color images}},
  author={Han, J. and Ngan, K.N. and Li, M. and Zhang, H.J.},
  journal={IEEE TCSV},
  volume={16},
  number={1},
  pages={141--145},
  year={2006},
  publisher={IEEE}
}

@Article{TOG/Wang08,
    author = {Yu-Shuen Wang and Chiew-Lan Tai and Olga Sorkine and Tong-Yee Lee},
    title = { Optimized Scale-and-Stretch for Image Resizing},
    journal = {ACM Trans. Graph.},
    year = {2008},
    volume = {27},
    number = {5},
    pages = {118:1--8},
}


@Article{journal/tog/ChengZMHH10,
  title = "RepFinder: Finding Approximately Repeated Scene Elements for Image Editing",
  author =  "Ming-Ming Cheng and Fang-Lue Zhang and Niloy J. Mitra and Xiaolei Huang and Shi-Min Hu ",
  journal = "ACM Trans. Graph.",
  volume =  "29",
  number =  "4",
  pages =   "83:1--8",
  year =    "2010",
}


@Article{09cgf/ZhangC,
  title = "A Shape-Preserving Approach to Image Resizing",
  author =  "Guo-Xin Zhang and Ming-Ming Cheng and Shi-Min Hu and Ralph R. Martin",
  journal = "Comput. Graph. Forum",
  volume =  "28",
  number =  "7",
  pages =   "1897--1906",
  year =    "2009",
}

@Article{tog09/ChenCT_Sketch2Photo,
  title = "Sketch2Photo: Internet Image Montage",
  author =  "Tao Chen and Ming-Ming Cheng and Ping Tan and Ariel Shamir and Shi-Min Hu",
  journal = "ACM Trans. Graph.",
  volume =  "28",
  number =  "5",
  pages =   "124:1--10",
  year =    "2009",
}

@article{04ijcv/felzenszwalb_efficient,
  title={{Efficient graph-based image segmentation}},
  author={Felzenszwalb, P.F. and Huttenlocher, D.P.},
  journal={IJCV},
  volume={59},
  number={2},
  pages={167--181},
  year={2004},
  publisher={Springer}
}

@InProceedings{08cvs/achanta_salient,
  title={{Salient region detection and segmentation}},
  author={Achanta, R. and Estrada, F. and Wils, P. and S{\"u}sstrunk, S.},
  booktitle={ICVS},
  pages={66--75},
  year={2008},
  publisher={Springer}
}


@article{95ARN/DesimoneNeuralMachanisms,
  title={{Neural mechanisms of selective visual attention}},
  author={Desimone, R. and Duncan, J.},
  journal={Annual review of neuroscience},
  volume={18},
  number={1},
  pages={193--222},
  year={1995},
  publisher={Annual Reviews 4139 El Camino Way, PO Box 10139, Palo Alto, CA 94303-0139, USA}
}

@article{55ARP/Teuber_physiological,
  title={{Physiological psychology}},
  author={Teuber, H.L.},
  journal={Annual Review of Psychology},
  volume={6},
  number={1},
  pages={267--296},
  year={1955},
}

@article{10vc/Ding,
  title={Content-aware copying and pasting in images},
  author={Meng Ding and Ruo-Feng Tong},
  journal={The Viusal Computer},
  volume={26},
  pages={721--729},
  year={2010},
}

@article{wu-2010-resizing,
    author   = {Huisi Wu and Yu-Shuen Wang and Kun-Chuan Feng and
                Tien-Tsin Wong and Tong-Yee Lee and Pheng-Ann Heng},
    title    = {Resizing by Symmetry-Summarization},
    journal  = {ACM Trans. Graph.},
    year     = {2010},
    volume   = {29},
    number   = {6},
    pages    = {159:1--9},
}

@conference{Cheng_SaliencyCvpr11,
  title={Global Contrast based Salient Region Detection},
  author={Ming-Ming Cheng and Niloy J. Mitra and Xiaolei Huang and Philip H. S. Torr and Shi-Min Hu},
  booktitle={IEEE CVPR},
  pages={409--416},
  year={2011},
}
